@inproceedings{
Collyer,
author={Collyer C \& Hilary A. Broadbent \& Russell Church},
title={Categorical time production: Evidence for discrete timing in motor control},
booktitle={Attention, Perception, \& Psychophysics},
volume={51},
series={2},
pages={134-144},
publisher={the Psychonomic Society},
year={1992}
}
@inproceedings{
Mito,
author={Mito \& Murao},
title={Tsumari Phenomenon and Tempo Acceleration Appeared in Keyboard Preformance of Music Beginners},
booktitle={Bulletin of the Council for Research in Music Education},
volume={147},
pages={132-137},
publisher={University of Illinois Press},
year={2000/2001}
}
@inproceedings{
Arao,
author={荒生 弘史},
title={リズム・キープ感と時間知覚},
booktitle={The Japanese Journal of Psychonomic Science},
volume={28},
series={2},
pages={249-255},
publisher={The Japanese Psychonomic Society},
year={2010}
}
@inproceedings{
Nagasima,
author={永島 亮誠 \& 阪口 豊},
title={リズムパタンや強弱の時間パタンがテンポ維持特性に与える影響},
booktitle={IEICE Technical Report},
volume={117},
series={508},
pages={63-68},
publisher={信学技報},
year={2018}
}
@inproceedings{
Huruya,
author={古屋 晋一 \& 青木 朋子 \& 木下 博},
title={熟練ピアニストによるピアノの鍵盤テンポと音量の調節に関わる運動制御},
booktitle={バイオメカニズム学会誌},
volume={30},
series={3},
pages={151-155},
publisher={バイオメカニズム学会},
year={2006}
}
@inproceedings{
Okano,
author={岡野 真裕 \& 進矢 正宏 \& 工藤 和俊},
title={「走る」アンサンブル:2 人組リズム維持タッピング課題におけるテンポ高速化},
booktitle={研究報告音楽情報科学},
volume={111},
series={58},
pages={1-3},
publisher={情報処理学会},
year={2016},
}